
@article{carter_edwards_kokkos_2014,
	title = {Kokkos: {Enabling} manycore performance portability through polymorphic memory access patterns},
	volume = {74},
	issn = {07437315},
	shorttitle = {Kokkos},
	url = {https://linkinghub.elsevier.com/retrieve/pii/S0743731514001257},
	doi = {10.1016/j.jpdc.2014.07.003},
	language = {en},
	number = {12},
	urldate = {2024-09-06},
	journal = {Journal of Parallel and Distributed Computing},
	author = {Carter Edwards, H. and Trott, Christian R. and Sunderland, Daniel},
	month = dec,
	year = {2014},
	pages = {3202--3216},
}

@misc{devresse_highfive_2024,
	title = {{HighFive} - {Header}-only {C}++ {HDF5} interface},
	copyright = {Creative Commons Attribution 4.0 International},
	url = {https://zenodo.org/doi/10.5281/zenodo.13120799},
	abstract = {Version 2.10.0 - 2024-07-29

New Features



`read\_raw` when reading from pointers. (\#928,\#940)

Improve inspector for `T[N]`. (\#929)


Deprecations

Please consult the Migration Guide for details about migrating away from deprecated features.



Deprecated FixedLenStringArray (\#932)

The overload read(T*, ...) has been deprecated, but not read(T\&, ...). (\#928)


Improvements



Improved documentation.


Bug Fixes



Fixed a performance bug involving `HyperSlab`s (\#1032)},
	urldate = {2024-09-13},
	publisher = {Zenodo},
	author = {Devresse, Adrien and Cornu, Nicolas and Grosheintz-Laval, Luc and Awile, Omar and de Geus, Tom and Pereira, Fernando and Wolf, Matthias and {HighFive Contributors}},
	month = jul,
	year = {2024},
	doi = {10.5281/ZENODO.13120799},
}

@article{morchain_dynamic_2024,
	title = {A dynamic compartment model for spatially heterogeneous reactors: {Scalar} and {Monte}-{Carlo} particle mixing},
	volume = {205},
	issn = {02638762},
	shorttitle = {A dynamic compartment model for spatially heterogeneous reactors},
	url = {https://linkinghub.elsevier.com/retrieve/pii/S026387622400217X},
	doi = {10.1016/j.cherd.2024.04.014},
	language = {en},
	urldate = {2025-03-19},
	journal = {Chemical Engineering Research and Design},
	author = {Morchain, Jérôme and Mayorga, Carlos and Villedieu, Philippe and Liné, Alain},
	month = may,
	year = {2024},
	pages = {628--639},
}

@misc{guennebaud_eigen_2010,
	title = {Eigen v3},
	url = {http://eigen.tuxfamily.org},
	author = {Guennebaud, Gaël and Jacob, Benoît and {others}},
	year = {2010},
}

@misc{grant_cereal_2017,
	title = {cereal - {A} {C}++11 library for serialization},
	url = {http://uscilab.github.io/cereal/},
	author = {Grant, W. Shane and Voorhies, Randolph},
	year = {2017},
}

@misc{jakob_pybind11_2017,
	title = {pybind11 – {Seamless} operability between {C}++11 and {Python}},
	url = {https://github.com/pybind/pybind11},
	author = {Jakob, Wenzel and Rhinelander, Jason and Moldovan, Dean},
	year = {2017},
}
